@online{memory-encryption,
    author = {David Kaplan, Jeremy Powell, Tom Woller},
    title = {AMD Memory Encryption},
    publisher = {Advanced Micro Devices Inc},
    year = 2021,
    url = {https://www.amd.com/system/files/TechDocs/memory-encryption-white-paper.pdf},
    urldate = {2023-07-07}
}
@online{protecting-registers,
    author = {David Kaplan},
    title = {Protecting VM Register State with SEV-ES},
    publisher = {Advanced Micro Devices Inc},
    year = 2017,
    url = {https://www.amd.com/system/files/TechDocs/Protecting%20VM%20Register%20State%20with%20SEV-ES.pdf},
    urldate = {2023-07-07}
}
@online{sev-snp,
    author = {Advanced Micro Devices Inc},
    title = {AMD SEV-SNP: Strengthening VM Isolation with Integrity Protection and More},
    publisher = {Advanced Micro Devices Inc},
    year = 2020,
    url = {https://www.amd.com/system/files/TechDocs/SEV-SNP-strengthening-vm-isolation-with-integrity-protection-and-more.pdf},
    urldate = {2023-07-07}
}

@online{architecture-reference,
    author = {Advanced Micro Devices Inc},
    title = {AMD64 Architecture Programmer's Manual Volumes 1â€“5},
    publisher = {Advanced Micro Devices Inc},
    year = 2023,
    url = {https://www.amd.com/system/files/TechDocs/40332.pdf},
    urldate = {2023-07-07}
}

@online{tinymembench,
    author = {Siarhei Siamashka},
    title = {Simple benchmark for memory throughput and latency},
    url = {https://github.com/ssvb/tinymembenchs},
    urldate = {2023-07-07}
}

@online{tinyben,
    author = {Roberto Castellotti},
    title = {a <1000 loc benchmark suite in python},
    url = {https://github.com/rcastellotti/tinyben},
    urldate = {2023-07-07}
}

@online{pts,
    author = {Michael Larabel},
    title = {The Phoronix Test Suite open-source, cross-platform automated testing/benchmarking software},
    url = {https://github.com/phoronix-test-suite/phoronix-test-suite},
    urldate = {2023-07-07}
}

